<record><leader>00000cas a2200000 a 4500</leader><controlfield tag="001">8821780</controlfield><controlfield tag="008">820930d18731970iluwr ne      0   a0eng  </controlfield><datafield ind1=" " ind2=" " tag="010"><subfield code="a">sn 82006872 </subfield></datafield><datafield ind1=" " ind2=" " tag="040"><subfield code="a">DLC</subfield><subfield code="b">eng</subfield><subfield code="c">DLC</subfield><subfield code="d">NPU</subfield><subfield code="d">DLC</subfield><subfield code="d">NYG</subfield><subfield code="d">NVF</subfield><subfield code="d">NVK</subfield><subfield code="d">OCLCQ</subfield><subfield code="d">CVF</subfield><subfield code="d">NVF</subfield><subfield code="d">OCLCO</subfield><subfield code="d">OCLCQ</subfield><subfield code="d">OCLCF</subfield></datafield><datafield ind1="1" ind2=" " tag="029"><subfield code="a">AU@</subfield><subfield code="b">000025801022</subfield></datafield><datafield ind1=" " ind2=" " tag="042"><subfield code="a">pcc</subfield></datafield><datafield ind1=" " ind2=" " tag="043"><subfield code="a">n-us-il</subfield></datafield><datafield ind1="0" ind2="0" tag="050"><subfield code="a">Newspaper 7574-X</subfield></datafield><datafield ind1="0" ind2=" " tag="130"><subfield code="a">True Republican (Sycamore, Ill. : 1873)</subfield></datafield><datafield ind1="1" ind2="4" tag="245"><subfield code="a">The true Republican.</subfield></datafield><datafield ind1="1" ind2=" " tag="246"><subfield code="i">Published as:</subfield><subfield code="a">True Republican and the sun tribune</subfield><subfield code="f">Sept. 10-Dec. 31, 1969</subfield></datafield><datafield ind1="1" ind2=" " tag="246"><subfield code="i">Published as:</subfield><subfield code="a">Sycamore true Republican</subfield><subfield code="f">Jan. 7-Apr. 8, 1970</subfield></datafield><datafield ind1=" " ind2=" " tag="260"><subfield code="a">Sycamore, DeKalb County, Ill. :</subfield><subfield code="b">Henry L. Boies,</subfield><subfield code="c">1873-1970.</subfield></datafield><datafield ind1="2" ind2=" " tag="260"><subfield code="3">&lt;Jan. 6, 1877&gt;-Nov. 9, 1878</subfield><subfield code="a">Sycamore, DeKalb County, Ill. :</subfield><subfield code="b">Boies &amp; Armstrong</subfield></datafield><datafield ind1="2" ind2=" " tag="260"><subfield code="3">Nov. 13, 1878-Dec. 31, 1879</subfield><subfield code="a">Sycamore, DeKalb County, Ill. :</subfield><subfield code="b">Boies &amp; Peck</subfield></datafield><datafield ind1="2" ind2=" " tag="260"><subfield code="3">Jan. 5, 1880-July 2, 1884</subfield><subfield code="a">Sycamore, DeKalb County, Ill. :</subfield><subfield code="b">Boies &amp; Hartman</subfield></datafield><datafield ind1="2" ind2=" " tag="260"><subfield code="3">July 9, 1884-July 20, 1887</subfield><subfield code="a">Sycamore, DeKalb County, Ill. :</subfield><subfield code="b">H.L. Boies &amp; Co.</subfield></datafield><datafield ind1="2" ind2=" " tag="260"><subfield code="3">July 23, 1887-Oct. 1, 1887 ;</subfield><subfield code="a">Aug. 9, 1899-Dec. 29, 1906 ;</subfield><subfield code="a">Sept. 4, 1915-&lt;July 19, 1224&gt;</subfield><subfield code="a">Sycamore, DeKalb County, Ill. :</subfield><subfield code="b">Edward I. Boies</subfield></datafield><datafield ind1="2" ind2=" " tag="260"><subfield code="3">Oct. 5, 1887-Sept. 11, 1897 ;</subfield><subfield code="a">Feb. 5, 1898-Aug. 5, 1899</subfield><subfield code="a">Sycamore, DeKalb County, Ill. :</subfield><subfield code="b">VanGalder &amp; Boies</subfield></datafield><datafield ind1="2" ind2=" " tag="260"><subfield code="3">Sept. 15, 1897-Feb. 2, 1898</subfield><subfield code="a">Sycamore, DeKalb County, Ill. :</subfield><subfield code="b">Boies &amp; Bucks</subfield></datafield><datafield ind1="2" ind2=" " tag="260"><subfield code="3">Jan. 5, 1907-Sept. 1, 1915 ;</subfield><subfield code="a">July 23, 1924-Apr. 2, 1932</subfield><subfield code="a">Sycamore, DeKalb County, Ill. :</subfield><subfield code="b">Boies &amp; Resch</subfield></datafield><datafield ind1="2" ind2=" " tag="260"><subfield code="3">Apr. 6, 1932-July 21, 1942</subfield><subfield code="a">Sycamore, DeKalb County, Ill. :</subfield><subfield code="b">A.H. Resch</subfield></datafield><datafield ind1="2" ind2=" " tag="260"><subfield code="3">July 24, 1942-&lt;Dec. 29, 1942&gt;</subfield><subfield code="a">Sycamore, DeKalb County, Ill. :</subfield><subfield code="b">Mildred H. Resch</subfield></datafield><datafield ind1="2" ind2=" " tag="260"><subfield code="3">&lt;Jan. 4, 1944&gt;-&lt;Dec. 30, 1964&gt;</subfield><subfield code="a">Sycamore, DeKalb County, Ill. :</subfield><subfield code="b">True Republican, Inc.</subfield></datafield><datafield ind1="3" ind2=" " tag="260"><subfield code="3">&lt;Jan. 7, 1967&gt;-</subfield><subfield code="a">Sycamore, DeKalb County, Ill. :</subfield><subfield code="b">Dekalb County Press</subfield></datafield><datafield ind1=" " ind2=" " tag="300"><subfield code="a">v. :</subfield><subfield code="b">ill. ;</subfield><subfield code="c">68 cm.</subfield></datafield><datafield ind1=" " ind2=" " tag="310"><subfield code="a">Weekly,</subfield><subfield code="b">Dec. 7, 1943-1970</subfield></datafield><datafield ind1=" " ind2=" " tag="321"><subfield code="a">Semiweekly,</subfield><subfield code="b">1873-Dec. 3, 1943</subfield></datafield><datafield ind1="0" ind2=" " tag="362"><subfield code="a">Vol. 16, no. 19 (Feb. 26, 1873)-v. 109, no. 42 (Apr. 15, 1970).</subfield></datafield><datafield ind1=" " ind2=" " tag="500"><subfield code="a">"The oldest De Kalb County newspaper."</subfield></datafield><datafield ind1=" " ind2=" " tag="515"><subfield code="a">Continues the numbering of Sycamore true Republican.</subfield></datafield><datafield ind1=" " ind2=" " tag="530"><subfield code="a">Available on microfilm from the Illinois State Historical Library.</subfield></datafield><datafield ind1=" " ind2=" " tag="530"><subfield code="a">Preservation microfilmed by the University of Illinois at Urbana-Champaign Library as part of the United States Newspaper Program; the years 1877-1968 (on 123 microfilm reels) are available for purchase from OCLC Preservation Service Centers.</subfield></datafield><datafield ind1=" " ind2=" " tag="580"><subfield code="a">Other weekly eds.: Sycamore tribune, 1903-1965, and: Sun-tribune, 1965-1969.</subfield></datafield><datafield ind1=" " ind2=" " tag="580"><subfield code="a">Merged with: Genoa Republican (Genoa, Ill. : 1919), and: Kirkland journal, to form: DeKalb County journal.</subfield></datafield><datafield ind1=" " ind2="0" tag="651"><subfield code="a">Sycamore (Ill.)</subfield><subfield code="v">Newspapers.</subfield></datafield><datafield ind1=" " ind2="0" tag="651"><subfield code="a">De Kalb County (Ill.)</subfield><subfield code="v">Newspapers.</subfield></datafield><datafield ind1=" " ind2="7" tag="655"><subfield code="a">Newspapers.</subfield><subfield code="2">fast</subfield><subfield code="0">(OCoLC)fst01423814</subfield></datafield><datafield ind1=" " ind2="7" tag="651"><subfield code="a">Illinois</subfield><subfield code="z">De Kalb County.</subfield><subfield code="2">fast</subfield><subfield code="0">(OCoLC)fst01208068</subfield></datafield><datafield ind1=" " ind2="7" tag="651"><subfield code="a">Illinois</subfield><subfield code="z">Sycamore.</subfield><subfield code="2">fast</subfield><subfield code="0">(OCoLC)fst01221238</subfield></datafield><datafield ind1=" " ind2=" " tag="752"><subfield code="a">United States</subfield><subfield code="b">Illinois</subfield><subfield code="c">De Kalb</subfield><subfield code="d">Sycamore.</subfield></datafield><datafield ind1="1" ind2=" " tag="775"><subfield code="t">Sycamore tribune</subfield><subfield code="w">(DLC)sn 92053403</subfield><subfield code="w">(OCoLC)27017151</subfield></datafield><datafield ind1="1" ind2=" " tag="775"><subfield code="t">Sun-tribune</subfield><subfield code="w">(DLC)sn 92053405</subfield><subfield code="w">(OCoLC)27017240</subfield></datafield><datafield ind1="0" ind2="0" tag="780"><subfield code="t">Sycamore true Republican</subfield><subfield code="w">(DLC)sn 92053409</subfield><subfield code="w">(OCoLC)27018178</subfield></datafield><datafield ind1="0" ind2="5" tag="780"><subfield code="t">Sun-tribune</subfield><subfield code="w">(DLC)sn 92053405</subfield><subfield code="w">(OCoLC)27017240</subfield></datafield><datafield ind1="1" ind2="7" tag="785"><subfield code="t">Genoa Republican (Genoa, Ill. : 1919)</subfield><subfield code="w">(DLC)sn 92053413</subfield><subfield code="w">(OCoLC)27018673</subfield></datafield><datafield ind1="1" ind2="7" tag="785"><subfield code="t">Kirkland journal</subfield></datafield><datafield ind1="1" ind2="7" tag="785"><subfield code="t">DeKalb County journal</subfield><subfield code="w">(DLC)sn 92053415</subfield><subfield code="w">(OCoLC)27019128</subfield></datafield><datafield ind1="4" ind2="1" tag="856"><subfield code="3">(1877-1942,  1944-1953, 1955-1964, 1967-1968) available online:</subfield><subfield code="u">http://www.library.illinois.edu/dnc/idnc</subfield></datafield></record>